%%%%%%%%%%%%%%%%%%%%%
%An article from a magazine or a journal.
%
%    Required fields: author, title, journal, year.
%    Optional fields: volume, number, pages, month, note.
%%%%%%%%%%%%%%%%%%%%%
@article{Xarticle,
    author    = "",
    title     = "",
    journal   = "",
    %volume   = "",
    %number   = "",
    %pages    = "",
    year      = "XXXX",
    %month    = "",
    %note     = "",
}


%%%%%%%%%%%%%%%%%%%%%
%A published book
%
%    Required fields: author/editor, title, publisher, year.
%    Optional fields: volume/number, series, address, edition, month, note.
%%%%%%%%%%%%%%%%%%%%%
@book{Xbook,
    author    = "",
    title     = "",
    publisher = "",
    %volume   = "",
    %number   = "",
    %series   = "",
    %address  = "",
    %edition  = "",
    year      = "XXXX",
    %month    = "",
    %note     = "",
}


%%%%%%%%%%%%%%%%%%%%%%
%A bound work without a named publisher or sponsor.
%
%   Required fields: title.
%   Optional fields: author, howpublished, address, month, year, note.
%%%%%%%%%%%%%%%%%%%%%%
@booklet{Xbooklet,
    %author   = "",
    title     = "",
    %howpublished   = "",
    %address  = "",
    %year      = "XXXX",
    %month    = "",
    %note     = "",
}


%%%%%%%%%%%%%%%%%%%%%%%
%Equal to inproceedings
%
%    Required fields: author, title, booktitle, year.
%    Optional fields: editor, volume/number, series, pages, address, month, organization, publisher, note.
%%%%%%%%%%%%%%%%%%%%%%%%
@conference{Xconference,
    author    = "",
    title     = "",
    booktitle = "",
    %editor   = "",
    %volume   = "",
    %number   = "",
    %series   = "",
    %pages    = "",
    %address  = "",
    year      = "XXXX",
    %month    = "",
    %publisher= "",
    %note     = "",
}


%%%%%%%%%%%%%%%%%%%%%%%
%@incollection 
%    A section of a book having its own title.
%
%        Required fields: author, title, booktitle, publisher, year.
%        Optional fields: editor, volume/number, series, type, chapter, pages, address, edition, month, note.
%%%%%%%%%%%%%%%%%%%%%%%
@incollection{Xincollection,
	author	= "",
	title	= "",
	booktitle= "",
	publisher= "",
	%editor	= "",
	%volume	= "",
	%number	= "",
	%series	= "",
	%type	= "",
	%chapter= "",
	%pages	= "",
	%address= "",
	%edition= "",
	year	= "",
	%month	= "",
	%note	= "",
}


%%%%%%%%%%%%%%%%%%%%%%%% 
%    Technical manual
%
%        Required fields: title.
%        Optional fields: author, organization, address, edition, month, year, note.
%%%%%%%%%%%%%%%%%%%%%%%%%
@manual{Xmanual,
	title		= "",
	%author		= "",
	%organization	= "",
	%address	= "",
	%edition	= "",
	year		= "",
	%month		= "",
	%note		= "",
}


%%%%%%%%%%%%%%%%%%%%%%%%%%%%%
%Master's thesis
%
%    Required fields: author, title, school, year.
%    Optional fields: type (eg. "diploma thesis"), address, month, note
%%%%%%%%%%%%%%%%%%%%%%%%%%%%%
@mastersthesis{Xthesis,
    author    = "",
    title     = "",
    school    = "",
    %type     = "diploma thesis",
    %address  = "",
    year      = "XXXX",
    %month    = "",
    %note     = "",
}


%%%%%%%%%%%%%%%%%%%%%%%%%%%%%%
%Template useful for other kinds of publication
%
%    Required fields: none
%    Optional fields: author, title, howpublished, month, year, note.
%%%%%%%%%%%%%%%%%%%%%%%%%%%%%%
@misc{Xmisc,
    %author    = "",
    %title     = "",
    %howpublished = "",
    %year     = "XXXX",
    %month    = "",
    %note     = "",
}


%%%%%%%%%%%%%%%%%%%%%%%%%%%%%%%
%Ph.D. thesis
%
%    Required fields: author, title, year, school.
%    Optional fields: address, month, keywords, note.
%%%%%%%%%%%%%%%%%%%%%%%%%%%%%%%
@phdthesis{Xphdthesis,
	author		= "",
	title		= "",
	school		= "",
	%address	= "",
	year		= "",
	%month		= "",
	%keywords	= "",
	%note		= "",
}


%%%%%%%%%%%%%%%%%%%%%%%%%%%%%%%%
%Technical report from educational, commercial or standardization institution.
%
%    Required fields: author, title, institution, year.
%    Optional fields: type, number, address, month, note.
%%%%%%%%%%%%%%%%%%%%%%%%%%%%%%%%%
@techreport{Xtreport,
    author    = "",
    title     = "",
    institution = "",
    %type     = "", 
    %number   = "",
    %address  = "",
    year      = "XXXX",
    %month    = "",
    %note     = "",
}

@unpublished{Xunpublished,
	author	= "",
	title	= "",
	%year	= "",
	%month	= "",
	note	= "",
}